<?xml version="1.0" encoding="UTF-8"?><collection xmlns="http://www.loc.gov/MARC21/slim"><record><leader>00450nam--2200169-i-4500</leader><controlfield tag="001">000031728</controlfield><controlfield tag="002">20161230</controlfield><controlfield tag="005">20161230201038</controlfield><controlfield tag="008">060222s1000------------r-----000-0-eng-d</controlfield><datafield ind1=" " ind2=" " tag="040"><subfield code="a">IFIN-HH</subfield></datafield><datafield ind1=" " ind2=" " tag="080"><subfield code="a">539.194</subfield></datafield><datafield ind1="1" ind2=" " tag="100"><subfield code="a">Linnett, J.W</subfield></datafield><datafield ind1="1" ind2="0" tag="245"><subfield code="a">The electronic structure of molecules</subfield><subfield code="b">A new approach</subfield><subfield code="c">J.w. linnett</subfield></datafield><datafield ind1=" " ind2=" " tag="260"><subfield code="a">London</subfield><subfield code="b">Methuen &amp; Co.Ltd</subfield><subfield code="c">1960</subfield></datafield><datafield ind1=" " ind2=" " tag="300"><subfield code="a">VII+167P</subfield></datafield><datafield ind1=" " ind2=" " tag="852"><subfield code="a">22458</subfield><subfield code="c">539.19</subfield></datafield><datafield ind1=" " ind2=" " tag="CAT"><subfield code="a">Sys</subfield><subfield code="c">20120712</subfield><subfield code="h">135216</subfield></datafield></record></collection>